<record xmlns="http://www.loc.gov/MARC21/slim">
   <leader>03624cam a2200493 i 4500</leader>
   <controlfield tag="001">6808249</controlfield>
   <controlfield tag="003">OCoLC</controlfield>
   <controlfield tag="005">20150209091414.0</controlfield>
   <controlfield tag="008">140312t20152015nyuag    b    001 0 eng  </controlfield>
   <datafield ind1=" " ind2=" " tag="010">
      <subfield code="a">  2014009907</subfield>
   </datafield>
   <datafield ind1=" " ind2=" " tag="015">
      <subfield code="a">GBB4C5675</subfield>
      <subfield code="2">bnb</subfield>
   </datafield>
   <datafield ind1="7" ind2=" " tag="016">
      <subfield code="a">016938783</subfield>
      <subfield code="2">Uk</subfield>
   </datafield>
   <datafield ind1=" " ind2=" " tag="020">
      <subfield code="a">9780199936151</subfield>
      <subfield code="q">hardcover</subfield>
   </datafield>
   <datafield ind1=" " ind2=" " tag="020">
      <subfield code="a">0199936153</subfield>
      <subfield code="q">hardcover</subfield>
   </datafield>
   <datafield ind1=" " ind2=" " tag="020">
      <subfield code="a">9780199936175</subfield>
      <subfield code="q">pbk.</subfield>
   </datafield>
   <datafield ind1=" " ind2=" " tag="020">
      <subfield code="a">019993617X</subfield>
      <subfield code="q">pbk.</subfield>
   </datafield>
   <datafield ind1=" " ind2=" " tag="035">
      <subfield code="a">ocn875055954</subfield>
   </datafield>
   <datafield ind1=" " ind2=" " tag="040">
      <subfield code="a">DLC</subfield>
      <subfield code="b">eng</subfield>
      <subfield code="e">rda</subfield>
      <subfield code="c">DLC</subfield>
      <subfield code="d">YDX</subfield>
      <subfield code="d">BDX</subfield>
      <subfield code="d">BTCTA</subfield>
      <subfield code="d">OCLCF</subfield>
      <subfield code="d">YDXCP</subfield>
      <subfield code="d">UKMGB</subfield>
      <subfield code="d">YHM</subfield>
      <subfield code="d">OCLCO</subfield>
      <subfield code="d">OCLCQ</subfield>
      <subfield code="d">ZCU</subfield>
      <subfield code="d">COO</subfield>
      <subfield code="d">UAB</subfield>
      <subfield code="d">AEU</subfield>
   </datafield>
   <datafield ind1=" " ind2=" " tag="042">
      <subfield code="a">pcc</subfield>
   </datafield>
   <datafield ind1=" " ind2=" " tag="043">
      <subfield code="a">n-us---</subfield>
   </datafield>
   <datafield ind1="0" ind2="0" tag="050">
      <subfield code="a">ML2075</subfield>
      <subfield code="b">.A595 2015</subfield>
   </datafield>
   <datafield ind1="0" ind2="0" tag="082">
      <subfield code="a">781.5/420973</subfield>
      <subfield code="2">23</subfield>
   </datafield>
   <datafield ind1=" " ind2=" " tag="090">
      <subfield code="a">ML 2075 A595 2015</subfield>
      <subfield code="b">AEU</subfield>
   </datafield>
   <datafield ind1="0" ind2="0" tag="245">
      <subfield code="a">Anxiety muted :</subfield>
      <subfield code="b">American film music in a suburban age /</subfield>
      <subfield code="c">edited by Stanley C. Pelkey II and Anthony Bushard.</subfield>
   </datafield>
   <datafield ind1="3" ind2=" " tag="246">
      <subfield code="a">American film music in a suburban age</subfield>
   </datafield>
   <datafield ind1=" " ind2="1" tag="264">
      <subfield code="a">New York, NY :</subfield>
      <subfield code="b">Oxford University Press,</subfield>
      <subfield code="c">[2015]</subfield>
   </datafield>
   <datafield ind1=" " ind2="4" tag="264">
      <subfield code="c">©2015</subfield>
   </datafield>
   <datafield ind1=" " ind2=" " tag="300">
      <subfield code="a">xviii, 298 pages :</subfield>
      <subfield code="b">illustrations, music ;</subfield>
      <subfield code="c">24 cm</subfield>
   </datafield>
   <datafield ind1=" " ind2=" " tag="336">
      <subfield code="a">text</subfield>
      <subfield code="b">txt</subfield>
      <subfield code="2">rdacontent</subfield>
   </datafield>
   <datafield ind1=" " ind2=" " tag="336">
      <subfield code="a">still image</subfield>
      <subfield code="b">sti</subfield>
      <subfield code="2">rdacontent</subfield>
   </datafield>
   <datafield ind1=" " ind2=" " tag="336">
      <subfield code="a">notated music</subfield>
      <subfield code="b">ntm</subfield>
      <subfield code="2">rdacontent</subfield>
   </datafield>
   <datafield ind1=" " ind2=" " tag="337">
      <subfield code="a">unmediated</subfield>
      <subfield code="b">n</subfield>
      <subfield code="2">rdamedia</subfield>
   </datafield>
   <datafield ind1=" " ind2=" " tag="338">
      <subfield code="a">volume</subfield>
      <subfield code="b">nc</subfield>
      <subfield code="2">rdacarrier</subfield>
   </datafield>
   <datafield ind1=" " ind2=" " tag="504">
      <subfield code="a">Includes bibliographical references and index.</subfield>
   </datafield>
   <datafield ind1="0" ind2=" " tag="505">
      <subfield code="a">A survey of history, themes, and trends / Stanley C. Pelkey II -- Music and mimicry in Sunset Boulevard (1950) / Christina Gier -- Who's who in Hadleyville : the civic voice in High noon (1952) / Anthony Bushard -- Anxieties of accuracy : Miklós Rózsa's score for Quo vadis (1951) / Linda K. Schubert -- "Whatever will be, will be" : gender equality and the music of Alfred Hitchcock's The man who knew too much (1956) / Joshua Neumann -- Music, maturity, and the moral geography in Leave it to Beaver (1957-1963) / Stanley C. Pelkey II -- The whole truth : music as truth in The twilight zone (1959-1964) / Reba Wissner -- "Living in harmony"? : American music and individualism in The prisoner (1967-1968) / Joanna Smolko and Tim Smolko -- The sound of disability : music, the Obsessive avenger, and eugenics in America / Meghan Schrader -- Masculinity, race, and the blues in the Bizpic Cadillac records (2008) / Jesse Schlotterbeck -- Comin' back to the sixties : mobilizing music and performing politics, 1988-1990 / Christopher D. Stone -- Late-adolescence in the American sixties : "The twist" and the twentysomethings in AMC's Mad men (2007- ) / Samantha London -- Musically recreating the fifties in Far from heaven (2002) / Mariana Whitmer -- The very essence of tragic reality : Aaron Copland and Thomas Newman's suburban scoring / Anthony Bushard.</subfield>
   </datafield>
   <datafield ind1=" " ind2=" " tag="520">
      <subfield code="a">"In this collection, contributors employ diverse critical methods and perspectives to explore the role of music in American film and television of the 1950s and 1960s, as well as in films from more recent years that allude to, reflect back upon, or recreate those decades. Particular attention is given to uncovering how motion picture culture and its music treated anxieties about suburbanization, conformity, the family, and gender"--Provided by publisher.</subfield>
   </datafield>
   <datafield ind1=" " ind2=" " tag="596">
      <subfield code="a">43</subfield>
   </datafield>
   <datafield ind1=" " ind2="0" tag="650">
      <subfield code="a">Motion picture music</subfield>
      <subfield code="z">United States</subfield>
      <subfield code="x">History and criticism.</subfield>
   </datafield>
   <datafield ind1=" " ind2="0" tag="650">
      <subfield code="a">Television music</subfield>
      <subfield code="z">United States</subfield>
      <subfield code="x">History and criticism.</subfield>
   </datafield>
   <datafield ind1=" " ind2="0" tag="650">
      <subfield code="a">Suburban life in popular culture</subfield>
      <subfield code="z">United States.</subfield>
   </datafield>
   <datafield ind1="1" ind2=" " tag="700">
      <subfield code="a">Pelkey, Stanley C.,</subfield>
      <subfield code="e">editor.</subfield>
   </datafield>
   <datafield ind1="1" ind2=" " tag="700">
      <subfield code="a">Bushard, Anthony,</subfield>
      <subfield code="d">1974-</subfield>
      <subfield code="e">editor.</subfield>
   </datafield>
   <datafield ind1=" " ind2=" " tag="949">
      <subfield code="a">ML 2075 A595 2015</subfield>
      <subfield code="h">UAHS-MU-B</subfield>
      <subfield code="i">0162035241346</subfield>
   </datafield>
   <datafield ind1=" " ind2=" " tag="926">
      <subfield code="a">ML 2075 A595 2015</subfield>
      <subfield code="w">LC</subfield>
      <subfield code="c">1</subfield>
      <subfield code="i">0162035241346</subfield>
      <subfield code="l">MUSIC</subfield>
      <subfield code="m">UAHSS</subfield>
      <subfield code="p">$150.00</subfield>
      <subfield code="r">Y</subfield>
      <subfield code="s">Y</subfield>
      <subfield code="t">BOOK</subfield>
      <subfield code="u">2/19/2015</subfield>
   </datafield>
</record>
